@misc{SLEUTHKIT,
  author = {Brian Carrier},
  title = {{The Sleuth Kit website}},
  howpublished = "\url{https://www.sleuthkit.org/sleuthkit/}",
  year = {2003-2020}, 
  note = "[Online; accessed 02-April-2022]"
}

@misc{BODYFILE,
  author = {Joachim Metz},
  title = {{Bodyfile}},
  howpublished = "\url{https://forensicswiki.xyz/wiki/index.php?title=Bodyfile}",
  year = {2021}, 
  note = "[Online; accessed 02-April-2022]"
}


@misc{SecurityIdentifiers,
  title = {{Security identifiers}},
  howpublished = "\url{https://docs.microsoft.com/en-us/windows/security/identity-protection/access-control/security-identifiers}",
  year = {2021}, 
  note = "[Online; accessed 02-April-2022]"
}

@techreport{RFC3339,
   AUTHOR = "G. Clyne and C. Newman",
   TITLE = "{Date and Time on the Internet: Timestamps}",
   HOWPUBLISHED = {Internet Requests for Comments},
   TYPE="{RFC}",
   NUMBER=3339,
   PAGES = {1-11},
   YEAR = {2002},
   MONTH = {July},
   PUBLISHER = "{RFC Editor}",
   INSTITUTION = "{RFC Editor}",
   URL={https://www.rfc-editor.org/rfc/rfc3339.txt},
}

@book{carrier2005file,
  title={File System Forensic Analysis},
  author={Carrier, Brian},
  isbn={9780321268174},
  year={2005},
  pages={308-309},
  publisher={Addison-Wesley}
}